@article{PandaX-4T:2021bab,
    author = "Meng, Yue and others",
    collaboration = "PandaX-4T",
    title = "{Dark Matter Search Results from the PandaX-4T Commissioning Run}",
    eprint = "2107.13438",
    archivePrefix = "arXiv",
    primaryClass = "hep-ex",
    doi = "10.1103/PhysRevLett.127.261802",
    journal = "Phys. Rev. Lett.",
    volume = "127",
    number = "26",
    pages = "261802",
    year = "2021"
}
@article{Briel:1997hz,
    author = "Briel, Ulrich G. and Henry, J. Patrick",
    title = "{An x-ray temperature map of coma}",
    eprint = "astro-ph/9711237",
    archivePrefix = "arXiv",
    month = "11",
    year = "1997"
}
@article{Natarajan:2024iqm,
    author = "Natarajan, Priyamvada and Williams, Liliya L. and Bradac, Marusa and Grillo, Claudio and Ghosh, Agniva and Sharon, Keren and Wagner, Jenny",
    title = "{Strong Lensing by Galaxy Clusters}",
    eprint = "2403.06245",
    archivePrefix = "arXiv",
    primaryClass = "astro-ph.CO",
    month = "3",
    year = "2024"
}

@article{NEST2011,
doi = {10.1088/1748-0221/6/10/P10002},
year = {2011},
volume = {6},
pages = {P10002},
author = {{M. Szydagis et al.}},
title = {{NEST}: a comprehensive model for scintillation yield in liquid xenon},
journal = {JINST}
}
@article{XENON:2025vwd,
    author = "Aprile, E. and others",
    collaboration = "XENON",
    title = "{WIMP Dark Matter Search using a 3.1 tonne $	imes$ year Exposure of the XENONnT Experiment}",
    eprint = "2502.18005",
    archivePrefix = "arXiv",
    primaryClass = "hep-ex",
    month = "2",
    year = "2025"
}


@article{LZCollaboration:2024lux,
    author = "Aalbers, J. and others",
    collaboration = "LZ Collaboration",
    title = "{Dark Matter Search Results from 4.2 Tonne-Years of Exposure of the LUX-ZEPLIN (LZ) Experiment}",
    eprint = "2410.17036",
    archivePrefix = "arXiv",
    primaryClass = "hep-ex",
    month = "10",
    year = "2024"
}

@article{LZ:2018qzl,
    author = "Akerib, D. S. and others",
    collaboration = "LZ",
    title = "{Projected WIMP sensitivity of the LUX-ZEPLIN dark matter experiment}",
    eprint = "1802.06039",
    archivePrefix = "arXiv",
    primaryClass = "astro-ph.IM",
    reportNumber = "FERMILAB-PUB-18-054-AE-PPD",
    doi = "10.1103/PhysRevD.101.052002",
    journal = "Phys. Rev. D",
    volume = "101",
    number = "5",
    pages = "052002",
    year = "2020"
}

@article{XLZD:2024nsu,
    author = "Aalbers, J. and others",
    collaboration = "XLZD",
    title = "{The XLZD Design Book: Towards the Next-Generation Liquid Xenon Observatory for Dark Matter and Neutrino Physics}",
    eprint = "2410.17137",
    archivePrefix = "arXiv",
    primaryClass = "hep-ex",
    month = "10",
    year = "2024"
}

@article{XENON:2007uwm,
    author = "Angle, J. and others",
    collaboration = "XENON",
    title = "{First Results from the XENON10 Dark Matter Experiment at the Gran Sasso National Laboratory}",
    eprint = "0706.0039",
    archivePrefix = "arXiv",
    primaryClass = "astro-ph",
    doi = "10.1103/PhysRevLett.100.021303",
    journal = "Phys. Rev. Lett.",
    volume = "100",
    pages = "021303",
    year = "2008"
}
@article{Billard:2013qya,
    author = "Billard, J. and Strigari, L. and Figueroa-Feliciano, E.",
    title = "{Implication of neutrino backgrounds on the reach of next generation dark matter direct detection experiments}",
    eprint = "1307.5458",
    archivePrefix = "arXiv",
    primaryClass = "hep-ph",
    doi = "10.1103/PhysRevD.89.023524",
    journal = "Phys. Rev. D",
    volume = "89",
    number = "2",
    pages = "023524",
    year = "2014"
    }
@article{XENON100:2016sjq,
    author = "Aprile, E. and others",
    collaboration = "XENON100",
    title = "{XENON100 Dark Matter Results from a Combination of 477 Live Days}",
    eprint = "1609.06154",
    archivePrefix = "arXiv",
    primaryClass = "astro-ph.CO",
    doi = "10.1103/PhysRevD.94.122001",
    journal = "Phys. Rev. D",
    volume = "94",
    number = "12",
    pages = "122001",
    year = "2016"
}

@article{DARWIN:2016hyl,
    author = "Aalbers, J. and others",
    collaboration = "DARWIN",
    title = "{DARWIN: towards the ultimate dark matter detector}",
    eprint = "1606.07001",
    archivePrefix = "arXiv",
    primaryClass = "astro-ph.IM",
    doi = "10.1088/1475-7516/2016/11/017",
    journal = "JCAP",
    volume = "11",
    pages = "017",
    year = "2016"
}

@article{Strigari:2012acq,
    author = "Strigari, Louis E.",
    title = "{Galactic Searches for Dark Matter}",
    eprint = "1211.7090",
    archivePrefix = "arXiv",
    primaryClass = "astro-ph.CO",
    doi = "10.1016/j.physrep.2013.05.004",
    journal = "Phys. Rept.",
    volume = "531",
    pages = "1--88",
    year = "2013"
}
@article{ANTARES:2016xuh,
    author = "Adrian-Martinez, S. and others",
    collaboration = "ANTARES",
    title = "{Limits on Dark Matter Annihilation in the Sun using the ANTARES Neutrino Telescope}",
    eprint = "1603.02228",
    archivePrefix = "arXiv",
    primaryClass = "astro-ph.HE",
    doi = "10.1016/j.physletb.2016.05.019",
    journal = "Phys. Lett. B",
    volume = "759",
    pages = "69--74",
    year = "2016"
}
@article{Super-Kamiokande:2020sgt,
    author = "Abe, K. and others",
    collaboration = "Super-Kamiokande",
    title = "{Indirect search for dark matter from the Galactic Center and halo with the Super-Kamiokande detector}",
    eprint = "2005.05109",
    archivePrefix = "arXiv",
    primaryClass = "hep-ex",
    doi = "10.1103/PhysRevD.102.072002",
    journal = "Phys. Rev. D",
    volume = "102",
    number = "7",
    pages = "072002",
    year = "2020"
}
@article{Hooper:2025ohk,
    author = "Hooper, Dan and Vassallo, Fabrizio",
    title = "{Searching for Dark Matter Annihilation in the Sun with the IceCube Upgrade}",
    eprint = "2505.06734",
    archivePrefix = "arXiv",
    primaryClass = "hep-ph",
    month = "5",
    year = "2025"
}
@article{White:1983fcs,
    author = "White, Simon D. M. and Frenk, C. S. and Davis, M.",
    editor = "Srednicki, M. A.",
    title = "{Clustering in a Neutrino Dominated Universe}",
    doi = "10.1086/161425",
    journal = "Astrophys. J. Lett.",
    volume = "274",
    pages = "L1--L5",
    year = "1983"
}
@article{Duffy:2009ig,
    author = "Duffy, Leanne D. and van Bibber, Karl",
    title = "{Axions as Dark Matter Particles}",
    eprint = "0904.3346",
    archivePrefix = "arXiv",
    primaryClass = "hep-ph",
    reportNumber = "LA-UR-09-02007, LLNL-JRNL-412070",
    doi = "10.1088/1367-2630/11/10/105008",
    journal = "New J. Phys.",
    volume = "11",
    pages = "105008",
    year = "2009"
}
@article{CMS:2017jdm,
    author = "Sirunyan, Albert M and others",
    collaboration = "CMS",
    title = "{Search for dark matter produced with an energetic jet or a hadronically decaying W or Z boson at $ \sqrt{s}=13 $ TeV}",
    eprint = "1703.01651",
    archivePrefix = "arXiv",
    primaryClass = "hep-ex",
    reportNumber = "CMS-EXO-16-037, CERN-EP-2017-031",
    doi = "10.1007/JHEP07(2017)014",
    journal = "JHEP",
    volume = "07",
    pages = "014",
    year = "2017"
}
@article{ATLAS:2016bek,
    author = "Aaboud, Morad and others",
    collaboration = "ATLAS",
    title = "{Search for new phenomena in final states with an energetic jet and large missing transverse momentum in $pp$ collisions at $\sqrt{s}=13$  TeV using the ATLAS detector}",
    eprint = "1604.07773",
    archivePrefix = "arXiv",
    primaryClass = "hep-ex",
    reportNumber = "CERN-EP-2016-075",
    doi = "10.1103/PhysRevD.94.032005",
    journal = "Phys. Rev. D",
    volume = "94",
    number = "3",
    pages = "032005",
    year = "2016"
}
@article{Aleksic:2013xea,
    author = "Aleksi\'c, J. and others",
    title = "{Optimized dark matter searches in deep observations of Segue 1   with MAGIC}",
    eprint = "1312.1535",
    archivePrefix = "arXiv",
    primaryClass = "hep-ph",
    doi = "10.1088/1475-7516/2014/02/008",
    journal = "JCAP",
    volume = "02",
    pages = "008",
    year = "2014"
}
@article{HESS:2014zqa,
    author = "Abramowski, A. and others",
    collaboration = "H.E.S.S.",
    title = "{Search for dark matter annihilation signatures in H.E.S.S. observations of Dwarf Spheroidal Galaxies}",
    eprint = "1410.2589",
    archivePrefix = "arXiv",
    primaryClass = "astro-ph.HE",
    doi = "10.1103/PhysRevD.90.112012",
    journal = "Phys. Rev. D",
    volume = "90",
    pages = "112012",
    year = "2014"
}
@article{VERITAS:2017tif,
    author = "Archambault, S. and others",
    collaboration = "VERITAS",
    title = "{Dark Matter Constraints from a Joint Analysis of Dwarf Spheroidal Galaxy Observations with VERITAS}",
    eprint = "1703.04937",
    archivePrefix = "arXiv",
    primaryClass = "astro-ph.HE",
    doi = "10.1103/PhysRevD.95.082001",
    journal = "Phys. Rev. D",
    volume = "95",
    number = "8",
    pages = "082001",
    year = "2017"
}
@article{CMS:2012qbp,
    author = "Chatrchyan, Serguei and others",
    collaboration = "CMS",
    title = "{Observation of a New Boson at a Mass of 125 GeV with the CMS Experiment at the LHC}",
    eprint = "1207.7235",
    archivePrefix = "arXiv",
    primaryClass = "hep-ex",
    reportNumber = "CMS-HIG-12-028, CERN-PH-EP-2012-220",
    doi = "10.1016/j.physletb.2012.08.021",
    journal = "Phys. Lett. B",
    volume = "716",
    pages = "30--61",
    year = "2012"
}
@article{ATLAS:2012yve,
    author = "Aad, Georges and others",
    collaboration = "ATLAS",
    title = "{Observation of a new particle in the search for the Standard Model Higgs boson with the ATLAS detector at the LHC}",
    eprint = "1207.7214",
    archivePrefix = "arXiv",
    primaryClass = "hep-ex",
    reportNumber = "CERN-PH-EP-2012-218",
    doi = "10.1016/j.physletb.2012.08.020",
    journal = "Phys. Lett. B",
    volume = "716",
    pages = "1--29",
    year = "2012"
}
@article{ADMX:2018gho,
    author = "Du, N. and others",
    collaboration = "ADMX",
    title = "{A Search for Invisible Axion Dark Matter with the Axion Dark Matter Experiment}",
    eprint = "1804.05750",
    archivePrefix = "arXiv",
    primaryClass = "hep-ex",
    reportNumber = "FERMILAB-PUB-18-101-AD-AE",
    doi = "10.1103/PhysRevLett.120.151301",
    journal = "Phys. Rev. Lett.",
    volume = "120",
    number = "15",
    pages = "151301",
    year = "2018"
}
@article{JacksonKimball:2017elr,
    author = "Jackson Kimball, Derek F. and others",
    editor = "Carosi, Gianpaolo and Rybka, Gray",
    title = "{Overview of the Cosmic Axion Spin Precession Experiment (CASPEr)}",
    eprint = "1711.08999",
    archivePrefix = "arXiv",
    primaryClass = "physics.ins-det",
    doi = "10.1007/978-3-030-43761-9_13",
    journal = "Springer Proc. Phys.",
    volume = "245",
    pages = "105--121",
    year = "2020"
}
@article{Becker:2004ni,
    author = "Becker, Andrew C. and others",
    title = "{The SuperMACHO Microlensing Survey}",
    eprint = "astro-ph/0409167",
    archivePrefix = "arXiv",
    doi = "10.1017/S1743921305002164",
    journal = "IAU Symp.",
    volume = "225",
    pages = "357",
    year = "2005"
}

@article{Krasnov:2019kdc,
    author = "Krasnov, Igor",
    title = "{DUNE prospects in the search for sterile neutrinos}",
    eprint = "1902.06099",
    archivePrefix = "arXiv",
    primaryClass = "hep-ph",
    doi = "10.1103/PhysRevD.100.075023",
    journal = "Phys. Rev. D",
    volume = "100",
    number = "7",
    pages = "075023",
    year = "2019"
}
@article{Boyarsky:2018tvu,
    author = "Boyarsky, A. and Drewes, M. and Lasserre, T. and Mertens, S. and Ruchayskiy, O.",
    title = "{Sterile neutrino Dark Matter}",
    eprint = "1807.07938",
    archivePrefix = "arXiv",
    primaryClass = "hep-ph",
    doi = "10.1016/j.ppnp.2018.07.004",
    journal = "Prog. Part. Nucl. Phys.",
    volume = "104",
    pages = "1--45",
    year = "2019"
}
@article{Hook:2018dlk,
    author = "Hook, Anson",
    title = "{TASI Lectures on the Strong CP Problem and Axions}",
    eprint = "1812.02669",
    archivePrefix = "arXiv",
    primaryClass = "hep-ph",
    doi = "10.22323/1.333.0004",
    journal = "PoS",
    volume = "TASI2018",
    pages = "004",
    year = "2019"
}

@article{Fixsen_2009,
	doi = {10.1088/0004-637x/707/2/916},
	year = 2009,
	month = {11},
	publisher = {{IOP} Publishing},
	volume = {707},
	number = {2},
	pages = {916--920},
	author = {D. J. Fixsen},
	title = {THE TEMPERATURE OF THE {C}OSMIC {M}ICROWAVE {B}ACKGROUND},
	journal = {The Astrophysical Journal}
}

@article{Cirelli:2024ssz,
    author = "Cirelli, Marco and Strumia, Alessandro and Zupan, Jure",
    title = "{Dark Matter}",
    eprint = "2406.01705",
    archivePrefix = "arXiv",
    primaryClass = "hep-ph",
    month = "6",
    year = "2024"
}
@article{Ashley:1975uj,
    author = "Ashley, II, G. K. and Keuffel, J. W. and Larson, M. O.",
    title = "{The Charge Ratio of Ultrahigh-Energy Cosmic Ray Muons}",
    reportNumber = "Print-75-0130 (UTAH)",
    doi = "10.1103/PhysRevD.12.20",
    journal = "Phys. Rev. D",
    volume = "12",
    pages = "20",
    year = "1975"
}
@article{GROOM2001183,
title = {Muon stopping power and range tables 10 MeV–100 TeV},
journal = {Atomic Data and Nuclear Data Tables},
volume = {78},
number = {2},
pages = {183-356},
year = {2001},
issn = {0092-640X},
doi = {https://doi.org/10.1006/adnd.2001.0861},
author = {Groom, D. E. and Mokhov, N. V. and Striganov, S. I.}}

@article{Lindote:2008nq,
    author = "Lindote, A. and Araujo, H. M. and Kudryavtsev, V. A. and Robinson, M.",
    title = "{Simulation of neutrons produced by high-energy muons underground}",
    eprint = "0810.1682",
    archivePrefix = "arXiv",
    primaryClass = "hep-ex",
    doi = "10.1016/j.astropartphys.2009.03.008",
    journal = "Astropart. Phys.",
    volume = "31",
    pages = "366--375",
    year = "2009"
}

@book{Gaisser_Engel_Resconi_2016, place={Cambridge}, edition={2}, title={Cosmic Rays and Particle Physics}, publisher={Cambridge University Press}, author={Gaisser, Thomas K. and Engel, Ralph and Resconi, Elisa}, year={2016}}

@book{Longair_2011, place={Cambridge}, edition={3}, title={High Energy Astrophysics}, publisher={Cambridge University Press}, author={Longair, Malcolm S.}, year={2011}}

@article{ParticleDataGroup:2024cfk,
    author = "Navas, S. and others",
    collaboration = "Particle Data Group",
    title = "{Review of particle physics}",
    doi = "10.1103/PhysRevD.110.030001",
    journal = "Phys. Rev. D",
    volume = "110",
    number = "3",
    pages = "030001",
    year = "2024"
}
@article{LVD:1998lir,
    author = "Aglietta, M. and others",
    collaboration = "LVD",
    title = "{Muon `Depth intensity' relation measured by LVD underground experiment and cosmic ray muon spectrum at sea level}",
    eprint = "hep-ex/9806001",
    archivePrefix = "arXiv",
    doi = "10.1103/PhysRevD.58.092005",
    journal = "Phys. Rev. D",
    volume = "58",
    pages = "092005",
    year = "1998"
}

@article{Tang:2006uu,
    author = "Tang, Alfred and Horton-Smith, Glenn and Kudryavtsev, Vitaly A. and Tonazzo, Alessandra",
    title = "{Muon simulations for Super-Kamiokande, KamLAND and CHOOZ}",
    eprint = "hep-ph/0604078",
    archivePrefix = "arXiv",
    doi = "10.1103/PhysRevD.74.053007",
    journal = "Phys. Rev. D",
    volume = "74",
    pages = "053007",
    year = "2006"
}
@article{BAIKAL:1997iok,
    author = "Belolaptikov, I. A. and others",
    collaboration = "BAIKAL",
    title = "{The Baikal underwater neutrino telescope: Design, performance and first results}",
    reportNumber = "DESY-97-033, BAIKAL-NOTE-97-01",
    doi = "10.1016/S0927-6505(97)00022-4",
    journal = "Astropart. Phys.",
    volume = "7",
    pages = "263--282",
    year = "1997"
}

@proceedings{Kozyarivsky:1988gxn,
    editor = "Kozyarivsky, V. A. and Lidvansky, A. S. and Tsyabuk, A. L. and Tulupova, T. I. and Voevodsky, A. V. and Volgemut, N. S.",
    title = "{Cosmic ray. Proceedings, 20th International Conference, Moscow, USSR, August 2-15, 1987. Vol. 5: Conference Papers}",
    year = "1988"
}

@article{MACRO:2003qix,
    author = "Aglietta, M. and others",
    collaboration = "MACRO, EAS-TOP",
    title = "{The Primary cosmic ray composition between 10**15 and 10**16 eV from extensive air showers electromagnetic and TeV muon data}",
    eprint = "astro-ph/0305325",
    archivePrefix = "arXiv",
    doi = "10.1016/j.astropartphys.2003.10.004",
    journal = "Astropart. Phys.",
    volume = "20",
    pages = "641--652",
    year = "2004"
}

@article{PhysRevD.60.112001,
  title = {Upper limit on the prompt muon flux derived from the LVD underground experiment},
  author = {Aglietta, M. and others},
  collaboration = {The LVD Collaboration},
  journal = {Phys. Rev. D},
  volume = {60},
  issue = {11},
  pages = {112001},
  numpages = {7},
  year = {1999},
  month = "11",
  publisher = {American Physical Society},
  doi = {10.1103/PhysRevD.60.112001},
  url = {https://link.aps.org/doi/10.1103/PhysRevD.60.112001}
}


%Needs to be updated when the paper is published in PRD.
@article{LZ:2024zvo,
    author = "Aalbers, J. and others",
    collaboration = "LZ",
    title = "{Dark Matter Search Results from 4.2 Tonne-Years of Exposure of the LUX-ZEPLIN (LZ) Experiment}",
    eprint = "2410.17036",
    archivePrefix = "arXiv",
    primaryClass = "hep-ex",
    reportNumber = "FERMILAB-PUB-24-0796-V",
    month = "10",
    year = "2024"
}


@article{DayaBay:2016ggj,
    author = "An, Feng Peng and others",
    collaboration = "Daya Bay",
    title = "{Measurement of electron antineutrino oscillation based on 1230 days of operation of the Daya Bay experiment}",
    eprint = "1610.04802",
    archivePrefix = "arXiv",
    primaryClass = "hep-ex",
    doi = "10.1103/PhysRevD.95.072006",
    journal = "Phys. Rev. D",
    volume = "95",
    number = "7",
    pages = "072006",
    year = "2017"
}

@article{Super-Kamiokande:2023jbt,
    author = "Abe, K. and others",
    collaboration = "Super-Kamiokande",
    title = "{Solar neutrino measurements using the full data period of Super-Kamiokande-IV}",
    eprint = "2312.12907",
    archivePrefix = "arXiv",
    primaryClass = "hep-ex",
    doi = "10.1103/PhysRevD.109.092001",
    journal = "Phys. Rev. D",
    volume = "109",
    number = "9",
    pages = "092001",
    year = "2024"
}

@article{BELLAMY1994468,
title = {Absolute calibration and monitoring of a spectrometric channel using a photomultiplier},
journal = {Nuclear Instruments and Methods in Physics Research Section A: Accelerators, Spectrometers, Detectors and Associated Equipment},
volume = {339},
number = {3},
pages = {468-476},
year = {1994},
issn = {0168-9002},
doi = {https://doi.org/10.1016/0168-9002(94)90183-X},
url = {https://www.sciencedirect.com/science/article/pii/016890029490183X},
author = {E.H. Bellamy and G. Bellettini and J. Budagov and F. Cervelli and I. Chirikov-Zorin and M. Incagli and D. Lucchesi and C. Pagliarone and S. Tokar and F. Zetti}
}

@article{GEANT4:2002zbu,
    author = "Agostinelli, S. and others",
    collaboration = "GEANT4",
    title = "{GEANT4 - A Simulation Toolkit}",
    reportNumber = "SLAC-PUB-9350, FERMILAB-PUB-03-339, CERN-IT-2002-003",
    doi = "10.1016/S0168-9002(03)01368-8",
    journal = "Nucl. Instrum. Meth. A",
    volume = "506",
    pages = "250--303",
    year = "2003"
}

@article{LZ:2024bvw,
    author = "Aalbers, J. and others",
    collaboration = "LZ",
    title = "{The data acquisition system of the LZ dark matter detector: FADR}",
    eprint = "2405.14732",
    archivePrefix = "arXiv",
    primaryClass = "physics.ins-det",
    doi = "10.1016/j.nima.2024.169712",
    journal = "Nucl. Instrum. Meth. A",
    volume = "1068",
    pages = "169712",
    year = "2024"
}

@article{Druszkiewicz:2015pcl,
    author = "Druszkiewicz, Eryk",
    collaboration = "LZ",
    title = "{The Data Acquisition System for LZ}",
    eprint = "1511.08385",
    archivePrefix = "arXiv",
    primaryClass = "physics.ins-det",
    doi = "10.1088/1748-0221/11/02/C02072",
    journal = "JINST",
    volume = "11",
    number = "02",
    pages = "C02072",
    year = "2016"
}

@article{Jorg:2023nvl,
    author = {J\"org, Florian and Li, Shengchao and Schreiner, Jochen and Simgen, Hardy and Lang, Rafael F.},
    title = "{Characterization of a $^{220}$Rn source for low-energy electronic recoil calibration of the XENONnT detector}",
    eprint = "2306.05673",
    archivePrefix = "arXiv",
    primaryClass = "physics.ins-det",
    doi = "10.1088/1748-0221/18/11/P11009",
    journal = "JINST",
    volume = "18",
    number = "11",
    pages = "P11009",
    year = "2023"
}

@article{KOBAYASHI1994355,
title = {YAlO3: Ce-Am light pulsers as a gain monitor for undoped CsI detectors in a magnetic field},
journal = {Nuclear Instruments and Methods in Physics Research Section A: Accelerators, Spectrometers, Detectors and Associated Equipment},
volume = {337},
number = {2},
pages = {355-361},
year = {1994},
issn = {0168-9002},
doi = {https://doi.org/10.1016/0168-9002(94)91103-7},
url = {https://www.sciencedirect.com/science/article/pii/0168900294911037},
author = {Masaaki Kobayashi and Takao Shinkawa and Takahiro Sato and Shojiro Sugimoto and Michail V. Korzhik and Andrey A. Fyodorov and Vasilij A. Kachanov}
}
@article{Turner:2021qvi,
    author = "Turner, W. and Baxter, A. and Birch, H. J. and Boxer, B. and Burdin, S. and Fraser, E. and Greenall, A. and Powell, S. and Sutcliffe, P.",
    title = "{Optical calibration system for the LUX-ZEPLIN (LZ) outer detector}",
    eprint = "2102.06281",
    archivePrefix = "arXiv",
    primaryClass = "physics.ins-det",
    doi = "10.1016/j.nima.2021.165551",
    journal = "Nucl. Instrum. Meth. A",
    volume = "1010",
    pages = "165551",
    year = "2021"
}

@article{LZ:2024bsz,
    author = "Aalbers, J. and others",
    collaboration = "LZ",
    title = "{The design, implementation, and performance of the LZ calibration systems}",
    eprint = "2406.12874",
    archivePrefix = "arXiv",
    primaryClass = "physics.ins-det",
    doi = "10.1088/1748-0221/19/08/P08027",
    journal = "JINST",
    volume = "19",
    number = "08",
    pages = "P08027",
    year = "2024"
}

@phdthesis{hteagle:thesis,
  author       = {Teagle, H.}, 
  title        = {Searches for Supersymmetry and Dark Matter in final states with b-jets and $E^\text{miss}_\text{T}$ utilising the Higgs boson as a handle for new physics with the ATLAS detector},
  school       = {U. Liverpool},
  year         = 2022,
}

@phdthesis{tcarter:thesis,
  author       = {Carter, T.M.}, 
  title        = {Constraining the top quark Yukawa coupling in in single-top Higgs production},
  school       = {U. Edinburgh},
  year         = 2023,
}

@phdthesis{ajaspan:thesis,
  author       = {Jaspan, A.E.}, 
  title        = {Search for pairs of scalar leptoquarks decaying into quarks and electrons or muons in $\sqrt{s}=13$~TeV \(pp\) collisions with the ATLAS detector },
  school       = {U. Liverpool},
  year         = 2021,
}

@phdthesis{dwoodward:thesis,
  author       = {Woodward, D.}, 
  title        = {Simulations of cosmic muons and background radiations for muon tomography and underground experiments},
  school       = {U. Sheffield},
  year         = 2017,
}

@phdthesis{lkorley:thesis,
  author       = {Korley, L.}, 
  title        = {The Veto System of the LZ Dark Matter Experiment},
  school       = {U. Michigan},
  year         = 2023,
}
@article{XENON:2018voc,
    author = "Aprile, E. and others",
    collaboration = "XENON",
    title = "{Dark Matter Search Results from a One Ton-Year Exposure of XENON1T}",
    eprint = "1805.12562",
    archivePrefix = "arXiv",
    primaryClass = "astro-ph.CO",
    doi = "10.1103/PhysRevLett.121.111302",
    journal = "Phys. Rev. Lett.",
    volume = "121",
    number = "11",
    pages = "111302",
    year = "2018"
}
@phdthesis{edfraser:thesis,
  author       = {Fraser, E.F.}, 
  title        = {Calibration of the Outer Detector, Development of Data Quality Monitoring and Study of Laboratory Backgrounds for Dark Matter Searches with LUX-ZEPLIN},
  school       = {U. Liverpool},
  year         = 2022,
}
@article{XENON:2023cxc,
    author = "Aprile, E. and others",
    collaboration = "XENON",
    title = "{First Dark Matter Search with Nuclear Recoils from the XENONnT Experiment}",
    eprint = "2303.14729",
    archivePrefix = "arXiv",
    primaryClass = "hep-ex",
    doi = "10.1103/PhysRevLett.131.041003",
    journal = "Phys. Rev. Lett.",
    volume = "131",
    number = "4",
    pages = "041003",
    year = "2023"
}
@thesis{hbirch:thesis,
  author       = {Birch, H.J.}, 
  title        = {Development of the Optical Calibration System for the Outer Detector of the LUX-ZEPLIN Dark Matter Experiment},
  school       = {U. Liverpool},
  year         = 2018,
}
@article{LUX:2016ggv,
    author = "Akerib, D. S. and others",
    collaboration = "LUX",
    title = "{Results from a search for dark matter in the complete LUX exposure}",
    eprint = "1608.07648",
    archivePrefix = "arXiv",
    primaryClass = "astro-ph.CO",
    doi = "10.1103/PhysRevLett.118.021303",
    journal = "Phys. Rev. Lett.",
    volume = "118",
    number = "2",
    pages = "021303",
    year = "2017"
}
@article{Hagiwara:2018kmr,
    author = "Hagiwara, Kaito and others",
    title = "{Gamma Ray Spectrum from Thermal Neutron Capture on Gadolinium-157}",
    eprint = "1809.02664",
    archivePrefix = "arXiv",
    primaryClass = "nucl-ex",
    doi = "10.1093/ptep/ptz002",
    journal = "PTEP",
    volume = "2019",
    number = "2",
    pages = "023D01",
    year = "2019"
}
@misc{DDLimitRepo,
  author = {Mor\aa, K.D. and others},
  title = {Direct detection limits},
  year = {2025},
  publisher = {GitHub},
  journal = {GitHub repository},
  howpublished = {\url{https://github.com/kdund/dd_limit_plot}},
  commit = {ca48aa6}
}
@article{Haselschwardt:2018vmp,
    author = "Haselschwardt, S. J. and Shaw, S. and Nelson, H. N. and Witherell, M. S. and Yeh, M. and Lesko, K. T. and Cole, A. and Kyre, S. and White, D. T.",
    title = "{A Liquid Scintillation Detector for Radioassay of Gadolinium-Loaded Liquid Scintillator for the LZ Outer Detector}",
    eprint = "1808.05595",
    archivePrefix = "arXiv",
    primaryClass = "physics.ins-det",
    doi = "10.1016/j.nima.2019.05.055",
    journal = "Nucl. Instrum. Meth. A",
    volume = "937",
    pages = "148--163",
    year = "2019"
}

@article{DEAP:2019yzn,
    author = "Ajaj, R. and others",
    collaboration = "DEAP",
    title = "{Search for dark matter with a 231-day exposure of liquid argon using DEAP-3600 at SNOLAB}",
    eprint = "1902.04048",
    archivePrefix = "arXiv",
    primaryClass = "astro-ph.CO",
    doi = "10.1103/PhysRevD.100.022004",
    journal = "Phys. Rev. D",
    volume = "100",
    number = "2",
    pages = "022004",
    year = "2019"
}
@misc{HamamatsuR5912,
author="{HAMAMATSU PHOTONICS K.K., Electron Tube Division}",
howpublished = {\url{https://hep.hamamatsu.com/content/dam/hamamatsu-photonics/sites/documents/99_SALES_LIBRARY/etd/LARGE_AREA_PMT_TPMH1376E.pdf}},
note = {Accessed: 2025-01-16}
}

@article{LZ:2022lsv,
    author = "Aalbers, J. and others",
    collaboration = "LZ",
    title = "{First Dark Matter Search Results from the LUX-ZEPLIN (LZ) Experiment}",
    eprint = "2207.03764",
    archivePrefix = "arXiv",
    primaryClass = "hep-ex",
    doi = "10.1103/PhysRevLett.131.041002",
    journal = "Phys. Rev. Lett.",
    volume = "131",
    number = "4",
    pages = "041002",
    year = "2023"
}

@article{XENON:2024wpa,
    author = "Aprile, E. and others",
    collaboration = "XENON",
    title = "{The XENONnT dark matter experiment}",
    eprint = "2402.10446",
    archivePrefix = "arXiv",
    primaryClass = "physics.ins-det",
    doi = "10.1140/epjc/s10052-024-12982-5",
    journal = "Eur. Phys. J. C",
    volume = "84",
    number = "8",
    pages = "784",
    year = "2024"
}

@article{Sorensen:2011bd,
    author = "Sorensen, Peter and Dahl, Carl Eric",
    title = "{Nuclear recoil energy scale in liquid xenon with application to the direct detection of dark matter}",
    eprint = "1101.6080",
    archivePrefix = "arXiv",
    primaryClass = "astro-ph.IM",
    doi = "10.1103/PhysRevD.83.063501",
    journal = "Phys. Rev. D",
    volume = "83",
    pages = "063501",
    year = "2011"
}

@phdthesis{Rischbieter:2022,
    author = "Rischbieter, Gregory Ransford Carl",
    title = "{Signal yields and detector modeling in xenon time projection chambers, and results of an effective field theory dark matter search using LUX data}",
    reportNumber = "3006",
    school = "Albany U.",
    year = "2022"
}

@phdthesis{Dahl:2009nta,
    author = "Dahl, Carl Eric",
    title = "{The physics of background discrimination in liquid xenon, and first results from Xenon10 in the hunt for WIMP dark matter}",
    reportNumber = "AAT-3364532",
    school = "Princeton U.",
    year = "2009"
}

@article{Goetzke:2016lfg,
    author = "Goetzke, L. W. and Aprile, E. and Anthony, M. and Plante, G. and Weber, M.",
    title = "{Measurement of light and charge yield of low-energy electronic recoils in liquid xenon}",
    eprint = "1611.10322",
    archivePrefix = "arXiv",
    primaryClass = "astro-ph.IM",
    doi = "10.1103/PhysRevD.96.103007",
    journal = "Phys. Rev. D",
    volume = "96",
    number = "10",
    pages = "103007",
    year = "2017",
    IDS = "WValueCite"
}

@article{Schumann:2014uva,
    author = "Schumann, Marc",
    title = "{Dual-Phase Liquid Xenon Detectors for Dark Matter Searches}",
    eprint = "1405.7600",
    archivePrefix = "arXiv",
    primaryClass = "astro-ph.IM",
    doi = "10.1088/1748-0221/9/08/C08004",
    journal = "JINST",
    volume = "9",
    pages = "C08004",
    year = "2014",
    IDS="LXeTPCs4DM"
}

@misc{chandra,
	title = {Image credit},
	note = "X-ray:NASA/CXC/CfA/M.Markevitch et al.; Optical:NASA/STScI; Magellan/U.Arizona/D.Clowe et al.; Lensing Map:NASA/STScI; ESO WFI; Magellan/U.Arizona/D.Clowe et al.; \url{https://chandra.si.edu/photo/2006/1e0657/1e0657_hand.html}"
}

@article{2013Planck,
   title={Planck 2013 results. I. {O}verview of products and scientific results},
   volume={571},
   ISSN={1432-0746},
   url={http://dx.doi.org/10.1051/0004-6361/201321529},
   DOI={10.1051/0004-6361/201321529},
   journal={Astronomy \& Astrophysics},
   publisher={EDP Sciences},
   author={Ade, P.A.R. and Aghanim, N. and Alves, M.I.R. and Armitage-Caplan, C. and Arnaud, M. and Ashdown, M. and Atrio-Barandela, F. and Aumont, J. and Aussel, H. and et al.},
   year={2014},
   month={10},
   pages={A1}
}
@article{ATLAS:2008xda,
    author = "Aad, G. and others",
    collaboration = "ATLAS",
    title = "{The ATLAS Experiment at the CERN Large Hadron Collider}",
    doi = "10.1088/1748-0221/3/08/S08003",
    journal = "JINST",
    volume = "3",
    pages = "S08003",
    year = "2008"
}
@article{CMS:2008xjf,
    author = "Chatrchyan, S. and others",
    collaboration = "CMS",
    title = "{The CMS Experiment at the CERN LHC}",
    doi = "10.1088/1748-0221/3/08/S08004",
    journal = "JINST",
    volume = "3",
    pages = "S08004",
    year = "2008"
}

@article{WMAP,
	title = {Seven-{Y}ear {W}ilkinson {M}icrowave {A}nisotropy {P}robe ({WMAP}) {O}bservations: {C}osmological {I}nterpretation},
	doi = {10.1088/0067-0049/192/2/18},
	year  = {2011},
	month = {1},
	publisher = {{IOP} Publishing},
	volume = {192},
	author = {E. Komatsu et al.},
	journal = {The Astrophysical Journal Supplement Series}
}

@article{DirectDetection2015,
	title={Dark matter direct-detection experiments},
   	volume={43},
   	ISSN={1361-6471},
   	url={http://dx.doi.org/10.1088/0954-3899/43/1/013001},
   	DOI={10.1088/0954-3899/43/1/013001},
   	number={1},
   	journal={Journal of Physics G: Nuclear and Particle Physics},
   	publisher={IOP Publishing},
   	author={Undagoitia, Teresa Marrod{\'{a}}n and Rauch, Ludwig},
   	year={2015},
   	month={12},
   	pages={013001}
}

@article{LCDMparam,
	author = {Spergel, David N.},
	title = {The dark side of cosmology: Dark matter and dark energy},
	journal = {Science},
	volume = {347},
	number = {6226},
	pages = {1100--1102},
	year = {2015},
	doi = {10.1126/science.aaa0980},
	publisher = {American Association for the Advancement of Science},
	issn = {0036-8075},
	URL = {https://science.sciencemag.org/content/347/6226/1100},
	eprint = {https://science.sciencemag.org/content/347/6226/1100.full.pdf},
	journal = {Science}
}

@article{GravLens,
   title={Gravitational collapse of small-scale structure as the origin of the {L}yman-alpha forest},
   volume={437},
   ISSN={1538-4357},
   url={http://dx.doi.org/10.1086/187670},
   DOI={10.1086/187670},
   journal={The Astrophysical Journal},
   publisher={IOP Publishing},
   author={Cen, Renyue and Miralda-Escude, Jordi and Ostriker, Jeremiah P. and Rauch, Michael},
   year={1994},
   month={12},
   pages={L9}
}

@article{Zwicky1933,
       author = {{Zwicky}, F.},
        title = "{Republication of: The redshift of extragalactic nebulae}",
      journal = {General Relativity and Gravitation},
     keywords = {String cosmology, CMP},
         year = {2009},
        month = {1},
       volume = {41},
       number = {1},
        pages = {207-224},
          doi = {10.1007/s10714-008-0707-4},
       adsurl = {https://ui.adsabs.harvard.edu/abs/2009GReGr..41..207E},
      adsnote = {Provided by the SAO/NASA Astrophysics Data System}
}

@article{Rubin,
       author = {{Rubin}, V.~C. and {Thonnard}, N. and {Ford}, W.~K., Jr.},
        title = "{Extended rotation curves of high-luminosity spiral galaxies. I. The angle between the rotation axis of the nucleus and the outer disk of NGC 3672.}",
		journal = {Astrophysical Journal},
         year = {1977},
        month = {10},
       volume = {217},
        pages = {L1-L4},
          doi = {10.1086/182526},
       adsurl = {https://ui.adsabs.harvard.edu/abs/1977ApJ...217L...1R},
      adsnote = {Provided by the SAO/NASA Astrophysics Data System}
}

@article{TeVeS,
  title = {Relativistic gravitation theory for the modified Newtonian dynamics paradigm},
  author = {Bekenstein, Jacob D.},
  journal = {Phys. Rev. D},
  volume = {70},
  issue = {8},
  pages = {083509},
  numpages = {28},
  year = {2004},
  month = {10},
  doi = {10.1103/PhysRevD.70.083509},
  url = {https://link.aps.org/doi/10.1103/PhysRevD.70.083509}
}

@article{MOND,
       author = {{Milgrom}, M.},
        title = {A modification of the Newtonian dynamics as a possible alternative to the hidden mass hypothesis.},
		journal = {Astrophysical Journal},
         year = {1983},
        month = {7},
       volume = {270},
        pages = {365-370},
          doi = {10.1086/161130},
       adsurl = {https://ui.adsabs.harvard.edu/abs/1983ApJ...270..365M},
      adsnote = {Provided by the SAO/NASA Astrophysics Data System}
}

@article{MicroLens,
   title={The {M}{A}{C}{H}{O} {P}roject: {M}icrolensing {R}esults from 5.7 {Y}ears of {L}arge {M}agellanic {C}loud {O}bservations},
   volume={542},
   ISSN={1538-4357},
   url={http://dx.doi.org/10.1086/309512},
   DOI={10.1086/309512},
   number={1},
   journal={The Astrophysical Journal},
   publisher={IOP Publishing},
   author={Alcock, C. and Allsman, R.A. and Alves, D.R. and Axelrod, T.S. and Becker, A.C. and Bennett, D.P. and Cook, K.H. and Dalal, N. and Drake, A.J. and Freeman, K.C. and et al.},
   year={2000},
   month={10},
   pages={281-307}
}

@article{BBN,
   title={Primordial nucleosynthesis: From precision cosmology to fundamental physics},
   volume={472},
   ISSN={0370-1573},
   url={http://dx.doi.org/10.1016/j.physrep.2009.02.002},
   DOI={10.1016/j.physrep.2009.02.002},
   number={1-6},
   journal={Physics Reports},
   publisher={Elsevier BV},
   author={Iocco, Fabio and Mangano, Gianpiero and Miele, Gennaro and Pisanti, Ofelia and Serpico, Pasquale D.},
   year={2009},
   month={3},
   pages={1–76}
}

@misc{DMProd,
    title={{DM} production mechanisms},
    author={Graciela Gelmini and Paolo Gondolo},
    year={2010},
    eprint={1009.3690},
    archivePrefix={arXiv},
    primaryClass={astro-ph.CO}
}

@article{ConsvCP,
    author = {Peccei, R.D. and Quinn, Helen R.},
    doi = {10.1103/PhysRevLett.38.1440},
    journal = {Phys.\ Rev.\ Lett.},
    pages = {1440--1443},
    reportNumber = {ITP-568-STANFORD},
    title = "{CP Conservation in the Presence of Instantons}",
    volume = {38},
    year = {1977}
}

@article{NeutronDi,
   title={Improved Experimental Limit on the Electric Dipole Moment of the Neutron},
   volume={97},
   ISSN={1079-7114},
   url={http://dx.doi.org/10.1103/PhysRevLett.97.131801},
   DOI={10.1103/physrevlett.97.131801},
   number={13},
   journal={Physical Review Letters},
   publisher={American Physical Society (APS)},
   author={Baker, C. A. and Doyle, D. D. and Geltenbort, P. and Green, K. and van der Grinten, M. G. D. and Harris, P. G. and Iaydjiev, P. and Ivanov, S. N. and May, D. J. R. and Pendlebury, J. M. and et al.},
   year={2006},
   month={9}
}

@article{InvisAx,
   title={Search for Invisible Axion Dark Matter with the Axion Dark Matter Experiment},
   volume={120},
   ISSN={1079-7114},
   url={http://dx.doi.org/10.1103/PhysRevLett.120.151301},
   DOI={10.1103/physrevlett.120.151301},
   number={15},
   journal={Physical Review Letters},
   publisher={American Physical Society (APS)},
   author={Du, N. and Force, N. and Khatiwada, R. and Lentz, E. and Ottens, R. and Rosenberg, L.J and Rybka, G. and Carosi, G. and Woollett, N. and Bowring, D. and et al.},
   year={2018},
   month={4}
}

@article{DMCandidates,
   	title={Particle dark matter: evidence, candidates and constraints},
   	volume={405},
   	ISSN={0370-1573},
   	url={http://dx.doi.org/10.1016/j.physrep.2004.08.031},
   	DOI={10.1016/j.physrep.2004.08.031},
   	number={5-6},
   	journal={Physics Reports},
   	publisher={Elsevier BV},
   	author={Bertone, Gianfranco and Hooper, Dan and Silk, Joseph},
   	year={2005},
   	month={1},
   	pages={279–390}
}

@article{LZIntro,
	doi = {10.1088/1742-6596/718/4/042039},
	year = {2016},
	month = {5},
	publisher = {{IOP} Publishing},
	volume = {718},
	pages = {042039},
	author = {D N McKinsey},
	title = {The {LZ} dark matter experiment},
	journal = {Journal of Physics: Conference Series}
}

@manual{DMUCL, 
	title={UCL - {D}ark matter}, 
	author= {C Ghag},
	url = {https://www.hep.ucl.ac.uk/darkMatter/},
	note = "\url{https://www.hep.ucl.ac.uk/darkMatter/}",
	year = {2019 (accessed April 14, 2020)}
}

@misc{Planck2018,
	author = {Planck Collaboration},
	title = {Planck 2018 results. {V}{I}. {C}osmological parameters},
	year = {2018},
	eprint = {arXiv:1807.06209},
	archivePrefix={arXiv},
	primaryClass={astro-ph.CO}
}

@manual{IgnitionWeb,
	title  = {Ignition Automation Software},
	author = {Inductive Automation},
	url    = {https://inductiveautomation.com/ignition/modules/sql-bridge},
	note = "\url{https://inductiveautomation.com/ignition/modules/sql-bridge}",
	year   = {Jan 2019 (accessed October 22, 2019)}
}

@manual{UDOO,
	title = {UDOO X86 II},
	author = {UDOO},
	url = {https://www.udoo.org/udoo-x86/},
	note = "\url{https://www.udoo.org/udoo-x86/}",
	year = {2020 (accessed April 23, 2020)}
}

@article{Heise:2021eym,
    author = "Heise, J.",
    title = "{The Sanford Underground Research Facility}",
    doi = "10.1088/1742-6596/2156/1/012172",
    journal = "J. Phys. Conf. Ser.",
    volume = "2156",
    number = "1",
    pages = "012172",
    year = "2021",
    IDS = {SURF}
}

@article{Einstein1936,
    author = {Einstein, Albert},
    doi = {10.1126/science.84.2188.506},
    journal = {Science},
    pages = {506--507},
    title = {Lens-Like Action of a Star by the Deviation of Light in the Gravitational Field},
    volume = {84},
    year = {1936}
}

@article{RotationCurves,
    author = {Rubin, Vera C. and Ford, W.Kent, Jr.},
    doi = {10.1086/150317},
    journal = {Astrophys.\ J.},
    pages = {379--403},
    title = "{Rotation of the Andromeda Nebula from a Spectroscopic Survey of Emission Regions}",
    volume = {159},
    year = {1970}
}

@article{Oort1940,
	author = {{Oort}, J.~H.},
    title = "{Some Problems Concerning the Structure and Dynamics of the Galactic System and the Elliptical Nebulae NGC 3115 and 4494.}",
    year = {1940},
    month = {4},
    volume = {91},
    pages = {273},
    doi = {10.1086/144167},
    adsurl = {https://ui.adsabs.harvard.edu/abs/1940ApJ....91..273O},
    adsnote = {Provided by the SAO/NASA Astrophysics Data System}
}

@article{Zwicky1937,
    author = {Zwicky, F.},
    doi = {10.1103/PhysRev.51.290},
    journal = {Phys.\ Rev.},
    pages = {290},
    title = {Nebulae as gravitational lenses},
    volume = {51},
    year = {1937}
}

@manual{LUX, 
	title={{L}{U}{X} {D}ark {M}atter {C}ollaboration}, 
	url={http://luxdarkmatter.org/},
	note = "\url{http://luxdarkmatter.org/}",
	author = {Carlos H. Faham},
	year = {2013 (accessed April 14, 2020)}
}

@article{WIMPsensitivity,
   title={Projected {W}{I}{M}{P} sensitivity of the {L}{U}{X}-{Z}{E}{P}{L}{I}{N} dark matter experiment},
   volume={101},
   ISSN={2470-0029},
   url={http://dx.doi.org/10.1103/PhysRevD.101.052002},
   DOI={10.1103/physrevd.101.052002},
   number={5},
   journal={Physical Review D},
   publisher={American Physical Society (APS)},
   author={Akerib, D.S. and Akerlof, C.W. and Alsum, S.K. and Ara{\'{u}}jo, H.M. and Arthurs, M. and Bai, X. and Bailey, A.J. and Balajthy, J. and Balashov, S. and Bauer, D. and et al.},
   year={2020},
   month={3}
}

@manual{DRS4, 
	title = {DRS4 Evaluation Board},
	url = {https://www.psi.ch/en/drs/evaluation-board},
	note = "\url{https://www.psi.ch/en/drs/evaluation-board}",
	author = {Paul Scherrer Institut (PSI)},
	year = {(accessed April 14,2024)}
}

@manual{CernCourier, 
	title={How dark matter became a particle}, 
	url={https://cerncourier.com/a/how-dark-matter-became-a-particle/},
	note = "\url{https://cerncourier.com/a/how-dark-matter-became-a-particle/}",
	author={Gianfranco Bertone and Dan Hooper}, 
	year={April 13, 2017 (accessed April 14, 2020)}, 
}

@article{Freese2009,
   	title="{Review of Observational Evidence for Dark Matter in the Universe and in upcoming searches for Dark Stars}",
   	volume={36},
   	ISSN={1638-1963},
   	url={http://dx.doi.org/10.1051/eas/0936016},
   	DOI={10.1051/eas/0936016},
   	journal={EAS Publications Series},
   	publisher={EDP Sciences},
   	author={Freese, K.},
   	year={2009},
   	pages="113-126"
}

@misc{GravLensPicture,
    title={{C}{L}{A}{S}{H}-{V}{L}{T}: {S}ubstructure in the galaxy cluster {M}{A}{C}{S} {J}1206.2-0847 from kinematics of galaxy populations},
    author={M. Girardi et {A}l.},
    year={2015},
    eprint={1503.05607},
    archivePrefix={arXiv},
    primaryClass={astro-ph.CO}
}

@article{Young2016,
    author = {Young, Bing-Lin},
    doi = {10.1007/s11467-016-0583-4},
    journal = {Front.\ Phys.\ (Beijing)},
    note = {[Erratum: Front.Phys.(Beijing) 12, 121202 (2017)]},
    number = {2},
    pages = {121201},
    title = {A survey of dark matter and related topics in cosmology},
    volume = {12},
    year = {2017}
}

@article{Clowe_2004,
   	title={Weak Lensing Mass Reconstruction of the Interacting Cluster 1E 0657-558: Direct Evidence for the Existence of Dark Matter},
   	volume={604},
   	ISSN={1538-4357},
   	url={http://dx.doi.org/10.1086/381970},
   	DOI={10.1086/381970},
   	number={2},
   	journal={The Astrophysical Journal},
   	publisher={IOP Publishing},
   	author={Clowe, Douglas and Gonzalez, Anthony and Markevitch, Maxim},
   	year={2004},
   	month={4},
   	pages={596-603}
}

@article{HistoryofDM,
   	title={History of dark matter},
   	volume={90},
   	ISSN={1539-0756},
   	url={http://dx.doi.org/10.1103/RevModPhys.90.045002},
   	DOI={10.1103/revmodphys.90.045002},
   	number={4},
   	journal={Reviews of Modern Physics},
   	publisher={American Physical Society (APS)},
   	author={Bertone, Gianfranco and Hooper, Dan},
   	year={2018},
   	month={10}
}

@article{Bekenstein1984,
	author = {{Bekenstein}, J. and {Milgrom}, M.},
	title = "{Does the missing mass problem signal the breakdown of Newtonian gravity?}",
	year = {1984},
	month = {11},
	journal={Astrophysical Journal},
	pages = {7-14},
	doi = {10.1086/162570},
	adsurl = {https://ui.adsabs.harvard.edu/abs/1984ApJ...286....7B},
	adsnote = {Provided by the SAO/NASA Astrophysics Data System}
}

@article{HPon,
	author = {{Poincare}, H.},
	title = "{The Milky Way and the Theory of Gases}",
	journal = {Popular Astronomy},
	year = 1906,
	month = oct,
	volume = {14},
	pages = {475-488},
	adsurl = {https://ui.adsabs.harvard.edu/abs/1906PA.....14..475P},
	adsnote = {Provided by the SAO/NASA Astrophysics Data System}
}

@article{Kapteyn1922,
	author = {{Kapteyn}, J.~C.},
	title = "{First Attempt at a Theory of the Arrangement and Motion of the Sidereal System}",
	year = {1922},
	month = {5},
	journal = {Astrophysical Journal},
	volume = {55},
	pages = {302},
	doi = {10.1086/142670},
	adsurl = {https://ui.adsabs.harvard.edu/abs/1922ApJ....55..302K},
	adsnote = {Provided by the SAO/NASA Astrophysics Data System}
}

@article{CMBprediction,
  	title = {On the Relative Abundance of the Elements},
  	author = {Alpher, Ralph A. and Herman, Robert C.},
  	journal = {Phys. Rev.},
  	volume = {74},
  	issue = {12},
  	pages = {1737--1742},
  	numpages = {0},
  	year = {1948},
  	month = {12},
  	publisher = {American Physical Society},
  	doi = {10.1103/PhysRev.74.1737},
  	url = {https://link.aps.org/doi/10.1103/PhysRev.74.1737}
}

@article{DMPrimer,
   	title={Dark {M}atter: A {P}rimer},
   	volume={2011},
   	ISSN={1687-7977},
   	url={http://dx.doi.org/10.1155/2011/968283},
   	DOI={10.1155/2011/968283},
   	journal={Advances in Astronomy},
   	publisher={Hindawi Limited},
   	author={Garrett, Katherine and Duda, Gintaras},
   	year={2011},
   	pages={1-22}
}

@article{CMBDisco,
	author = {{Penzias}, A.~A. and {Wilson}, R.~W.},
	title = "{A Measurement of Excess Antenna Temperature at 4080 Mc/s.}",
	year = 1965,
	month = jul,
	journal = {Cosmological Constants: Papers in Modern Cosmology.},
	volume = {142},
	pages = {419-421},
	doi = {10.1086/148307},
	adsurl = {https://ui.adsabs.harvard.edu/abs/1965ApJ...142..419P},
	adsnote = {Provided by the SAO/NASA Astrophysics Data System}
}

@article{PhysRev,
	author         = {Tanabashi, M. et {A}l.},
	title          = {Review of Particle Physics},
	collaboration  = {Particle Data Group},
	journal        = {Phys. Rev.},
	volume         = {D98},
	year           = {2018},
	number         = {3},
	pages          = {030001},
	doi            = {10.1103/PhysRevD.98.030001}
}

@article{LUX_Sens,
   title={Results from a Search for Dark Matter in the Complete {L}{U}{X} Exposure},
   volume={118},
   ISSN={1079-7114},
   url={http://dx.doi.org/10.1103/PhysRevLett.118.021303},
   DOI={10.1103/physrevlett.118.021303},
   number={2},
   journal={Physical Review Letters},
   publisher={American Physical Society (APS)},
   author={Akerib, D.S. and Alsum, S. and Ara{\'{u}}jo, H.M. and Bai, X. and Bailey, A.J. and Balajthy, J. and Beltrame, P. and Bernard, E.P. and Bernstein, A. and Biesiadzinski, T.P. and et al.},
   year={2017},
   month={Jan}
}

@article{LUXNIM,
   title={The {L}arge {U}nderground {X}enon ({L}{U}{X}) experiment},
   volume={704},
   ISSN={0168-9002},
   url={http://dx.doi.org/10.1016/j.nima.2012.11.135},
   DOI={10.1016/j.nima.2012.11.135},
   journal={Nuclear Instruments and Methods in Physics Research Section A: Accelerators, Spectrometers, Detectors and Associated Equipment},
   publisher={Elsevier BV},
   author={Akerib, D.S. and Bai, X. and Bedikian, S. and Bernard, E. and Bernstein, A. and Bolozdynya, A. and Bradley, A. and Byram, D. and Cahn, S.B. and Camp, C. and et al.},
   year={2013},
   month={3},
   pages={111-126}
}

@article{Xenon1T_Sens,
   title={First Dark Matter Search Results from the {X}{E}{N}{O}{N}1{T} Experiment},
   volume={119},
   ISSN={1079-7114},
   url={http://dx.doi.org/10.1103/PhysRevLett.119.181301},
   DOI={10.1103/physrevlett.119.181301},
   number={18},
   journal={Physical Review Letters},
   publisher={American Physical Society (APS)},
   author={Aprile, E. and Aalbers, J. and Agostini, F. and Alfonsi, M. and Amaro, F.D. and Anthony, M. and Arneodo, F. and Barrow, P. and Baudis, L. and Bauermeister, B. and et al.},
   year={2017},
   month={10}
}

@article{PandaX_Sens,
   title={Dark Matter Results from 54-Ton-Day Exposure of {P}anda{X}-{I}{I} Experiment},
   volume={119},
   ISSN={1079-7114},
   url={http://dx.doi.org/10.1103/PhysRevLett.119.181302},
   DOI={10.1103/physrevlett.119.181302},
   number={18},
   journal={Physical Review Letters},
   publisher={American Physical Society (APS)},
   author={Cui, Xiangyi and Abdukerim, Abdusalam and Chen, Wei and Chen, Xun and Chen, Yunhua and Dong, Binbin and Fang, Deqing and Fu, Changbo and Giboni, Karl and Giuliani, Franco and et al.},
   year={2017},
   month={10}
}

@article{DM_current_status_17,
   title={Current status of direct dark matter detection experiments},
   volume={13},
   ISSN={1745-2481},
   url={http://dx.doi.org/10.1038/nphys4039},
   DOI={10.1038/nphys4039},
   number={3},
   journal={Nature Physics},
   publisher={Springer Science and Business Media LLC},
   author={Liu, Jianglai and Chen, Xun and Ji, Xiangdong},
   year={2017},
   month={3},
   pages={212-216}
}

@manual{PandaWeb,
	title  = {PandaX: Particle and Astrophysical Xenon Experiments},
	author = {Shanghai Jiao Tong University},
	url    = {https://pandax.sjtu.edu.cn/},
	note = "\url{https://pandax.sjtu.edu.cn/}", 
	year   = {2019 (accessed October 17, 2019)}
}

@article{XENON2018,
   title={Dark Matter Search Results from a One Ton-Year Exposure of XENON1T},
   volume={121},
   ISSN={1079-7114},
   url={http://dx.doi.org/10.1103/PhysRevLett.121.111302},
   DOI={10.1103/physrevlett.121.111302},
   number={11},
   journal={Physical Review Letters},
   publisher={American Physical Society (APS)},
   author={Aprile, E. and Aalbers, J. and Agostini, F. and Alfonsi, M. and Althueser, L. and Amaro, F.D. and Anthony, M. and Arneodo, F. and Baudis, L. and Bauermeister, B. and et al.},
   year={2018},
   month={9}
}

@manual {XENONnTPres,
	title  = {Direct Dark Matter Search with XENONnT},
	author = {S. Moriyama},
	url    = {http://www.lowbg.org/ugnd/workshop/sympo_all/201903_Sendai/slides/8am/8am_6.pdf},
	note = "\url{http://www.lowbg.org/ugnd/workshop/sympo_all/201903_Sendai/slides/8am/8am_6.pdf}",
	year   = {March 2019 (accessed October 17, 2019)}
}

@article{XenonDiagram,
   title={Scintillation efficiency and ionization yield of liquid xenon for monoenergetic nuclear recoils down to 4 keV},
   volume={81},
   ISSN={1089-490X},
   url={http://dx.doi.org/10.1103/PhysRevC.81.025808},
   DOI={10.1103/physrevc.81.025808},
   number={2},
   journal={Physical Review C},
   publisher={American Physical Society (APS)},
   author={Manzur, A. and Curioni, A. and Kastens, L. and McKinsey, D. N. and Ni, K. and Wongjirad, T.},
   year={2010},
   month={2}
}

@article{DualPhaseLXe,
   title={Dual-phase liquid xenon detectors for dark matter searches},
   volume={9},
   ISSN={1748-0221},
   url={http://dx.doi.org/10.1088/1748-0221/9/08/C08004},
   DOI={10.1088/1748-0221/9/08/c08004},
   number={08},
   journal={Journal of Instrumentation},
   publisher={IOP Publishing},
   author={Schumann, Marc},
   year={2014},
   month={8},
   pages={C08004-C08004}
}

@article{LiquidNobleGasDetector,
	doi = {10.1088/1748-0221/8/04/r04001},
	year = 2013,
	month = {4},
	publisher = {{IOP} Publishing},
	volume = {8},
	number = {04},
	pages = {R04001-R04001},
	author = {V Chepel and H Ara{\'{u}}jo},
	title = {Liquid noble gas detectors for low energy particle physics},
	journal = {Journal of Instrumentation}
}

@manual{IgnitionDes,
	title  = {Ignition Automation: Ignition Designer},
	author = {Inductive Automation},
	url    = {https://inductiveautomation.com/ignition/designer},
	note   = "\url{https://inductiveautomation.com/ignition/designer}",
	year   = {Jan 2020 (accessed January 2, 2020)}
}


@article{Snowmass,
        title = {Snowmass {CF}1 {S}ummary: {WIMP} Dark Matter Direct Detection},
    author={P. Cushman and C. Galbiati and D. N. McKinsey and H. Robertson and T. M. P. Tait and D. Bauer and A. Borgland and B. Cabrera and F. Calaprice and J. Cooley and T. Empl and R. Essig and E. Figueroa Feliciano and R. Gaitskell and S. Golwala and J. Hall and R. Hill and A. Hime and E. Hoppe and L. Hsu and E. Hungerford and R. Jacobsen and M. Kelsey and R. F. Lang and W. H. Lippincott and B. Loer and S. Luitz and V. Mandic and J. Mardon and J. Maricic and R. Maruyama and R. Mahapatra and H. Nelson and J. Orrell and K. Palladino and E. Pantic and R. Partridge and A. Ryd and T. Saab and B. Sadoulet and R. Schnee and W. Shepherd and A. Sonnenschein and P. Sorensen and M. Szydagis and T. Volansky and M. Witherell and D. Wright and K.Zurek},
    year={2013}
}

@article{Clowe2006,
	Author = {Douglas Clowe and Marusa Bradac and Anthony H. Gonzalez and Maxim Markevitch and Scott W. Randall and Christine Jones and Dennis Zaritsky},
	Title = {A direct empirical proof of the existence of dark matter},
	journal = {The Astrophysical Journal},
	vol = {648},
	Year = {2006},
	Eprint = {arXiv:astro-ph/0608407},
	Howpublished = {Astrophys.J.648:L109-L113,2006},
	Doi = {10.1086/508162}
}

@article{CEvNSDM,
   title={Implication of neutrino backgrounds on the reach of next generation dark matter direct detection experiments},
   volume={89},
   ISSN={1550-2368},
   url={http://dx.doi.org/10.1103/PhysRevD.89.023524},
   DOI={10.1103/physrevd.89.023524},
   number={2},
   journal={Physical Review D},
   publisher={American Physical Society (APS)},
   author={Billard, J. and Figueroa-Feliciano, E. and Strigari, L.},
   year={2014},
   month={Jan}
}

@article{ReviewParticlePhys,
    author = "Tanabashi, M. and others",
    collaboration = "Particle Data Group",
    doi = "10.1103/PhysRevD.98.030001",
    journal = "Phys. Rev. D",
    number = "3",
    pages = "030001",
    title = "{Review of Particle Physics}",
    volume = "98",
    year = "2018"
}

@article{DMAxion,
   title={Dark matter axions revisited},
   volume={80},
   ISSN={1550-2368},
   url={http://dx.doi.org/10.1103/PhysRevD.80.035024},
   DOI={10.1103/physrevd.80.035024},
   number={3},
   journal={Physical Review D},
   publisher={American Physical Society (APS)},
   author={Visinelli, Luca and Gondolo, Paolo},
   year={2009},
   month={8}
}

@article{LZ_SIMS,
   title={{Simulations of events for the LUX-ZEPLIN (LZ) dark matter experiment}},
   volume={125},
   ISSN={0927-6505},
   DOI={10.1016/j.astropartphys.2020.102480},
   journal={Astroparticle Physics},
   publisher={Elsevier BV},
   author = {{Akerib}, D.~S. and others},  
   eprint = {2001.09363},
   archivePrefix = {arXiv},
   year={2021},
   month={2},
   pages={102480}
}


@article{Cherry,
title = {Multiple muons in the Homestake underground detector},
author = {Cherry, M. L. and others},
journal = {Phys. Rev, D},
volume = {27},
issue = {7},
pages = {1444--1447},
numpages = {0},
year = {1983},
month = {4},
publisher = {American Physical Society},
doi = {10.1103/PhysRevD.27.1444},
}

@misc{OD_linear,
Author = {E. Fraser},
Publisher = {LZ Collaboration}, 
Title = {{OD Commissioning Energy Calibration}},
Year = {2021}
}

@article{Cao:2016vwh,
    author = "Cao, Jun and Luk, Kam-Biu",
    title = "{An overview of the Daya Bay reactor neutrino experiment}",
    eprint = "1605.01502",
    archivePrefix = "arXiv",
    primaryClass = "hep-ex",
    doi = "10.1016/j.nuclphysb.2016.04.034",
    journal = "Nucl. Phys. B",
    volume = "908",
    pages = "62--73",
    year = "2016"
}

@article{DUNE,
    author = {Abi, B. and others},
    title = {Deep Underground Neutrino Experiment {(DUNE)}, far detector technical design report, Volume II: {DUNE} physics.},
    eprint = {2002.03005},
    journal = {arXiv},
    DOI = {10.48550/arXiv.1512.06148},
    archivePrefix = {arXiv},
    primaryClass = {hep-ex},
    month = {2},
    year = {2020}
}

@article{GdLSDayaBay,
title = {{Production of a gadolinium-loaded liquid scintillator for the Daya Bay reactor neutrino experiment}},
journal = {Nucl. Instrum. Meth.},
volume = {A763},
pages = {82-88},
year = {2014},
issn = {0168-9002},
doi = {10.1016/j.nima.2014.05.119},
author = {{Beriguete}, W. and others},
keywords = {Daya Bay, Reactor, Antineutrino, Gadolinium, Metal-loaded liquid scintillator, Linear alkyl benzene},
abstract = {We report on the production and characterization of liquid scintillators for the detection of electron antineutrinos by the Daya Bay reactor neutrino experiment. A 185tons of gadolinium-loaded (0.1\% by mass) liquid scintillator (Gd-LS) and a 200tons of unloaded liquid scintillator (LS) were successfully produced from a linear-alkylbenzene (LAB) solvent in 6 months. The scintillator properties, the production and purification systems, and the quality assurance and control (QA/QC) procedures are described.}
}

@manual{ODPMT,
    title = {Large photo-cathode area photomultiplier tubes},
    author = {Hamamatsu},
    note = {\url{https://www.hamamatsu.com/resources/pdf/etd/LARGE_AREA_PMT_TPMH1376E.pdf}},
    year = {accessed April 27, 2020}
}


@article{SNO+,
      author         = {Alves, R. and others},
      title          = {{The calibration system for the photomultiplier array of the SNO+ experiment}},
      journal        = {Journal of Instrumentation (JINST)},
      volume         = {10},
      year           = {2015},
      pages          = {03002},
      eprint         = {1411.4830},
      archivePrefix  = {arXiv},
      primaryClass   = {physics.ins-det},
      doi = {10.1088/1748-0221/10/03/P03002}
}


@article{ScintillatorPerform,
       author = {{Haselschwardt}, S.~J. and others},
        title = {{A liquid scintillation detector for radioassay of gadolinium-loaded liquid scintillator for the LZ Outer Detector}},
      journal = {Nucl. Instrum. Meth.},
     keywords = {Low-background, Gadolinium, Liquid scintillator, Physics - Instrumentation and Detectors, High Energy Physics - Experiment},
         year = {2019},
        month = {9},
       volume = {A937},
        pages = {148-163},
          doi = {10.1016/j.nima.2019.05.055},
archivePrefix = {arXiv},
       eprint = {1808.05595},
 primaryClass = {physics.ins-det},
       adsurl = {https://ui.adsabs.harvard.edu/abs/2019NIMPA.937..148H},
      adsnote = {Provided by the SAO/NASA Astrophysics Data System}
}



@article{LUXSim,
    author = {{Akerib}, D.~S. and others},  
    title = {{LUXSim: A component-centric approach to low-background simulations}},
    journal = {Nucl. Instrum. Meth.},
    keywords = {Physics - Data Analysis, Statistics and Probability, High Energy Physics - Experiment, Nuclear Experiment},
         year = {2012},
        month = {5},
       volume = {A675},
        pages = {63-77},
          doi = {10.1016/j.nima.2012.02.010},
archivePrefix = {arXiv},
       eprint = {1111.2074},
 primaryClass = {physics.data-an},
       adsurl = {https://ui.adsabs.harvard.edu/abs/2012NIMPA.675...63A},
      adsnote = {Provided by the SAO/NASA Astrophysics Data System}
}


@article{LZTDR,
       author = {Mount, B. J. and others},
        title = {{LUX-ZEPLIN (LZ) Technical Design Report}},
     keywords = {Physics - Instrumentation and Detectors, Astrophysics - Instrumentation and Methods for Astrophysics, High Energy Physics - Experiment},
      journal = {arXiv},
         year = {2017},
        month = {3},
archivePrefix = {arXiv},
       eprint = {1703.09144},
 primaryClass = {physics.ins-det},
       adsurl = {https://ui.adsabs.harvard.edu/abs/2017arXiv170309144M},
      adsnote = {Provided by the SAO/NASA Astrophysics Data System}
}

@manual{fibreDetails,
      title  = {Mitsubishi Chemical Corporation, Super Eska Duplex Optical Fiber Cable},
      author = {},
      note    ={\url{ https://fiberfin.com/wp-content/uploads/2013/03/FF-SH-4002-Data-Sheet.pdf}},
      year   = {accessed February 9, 2021}
    }
    
@manual{powerMeter,
      title  = {Powermeter PM100USB},
      author = {Thorlabs},
      note = {\url{ https://www.thorlabs.com/thorproduct.cfm?partnumber=PM100USB}},
      year   = {accessed February 20th, 2019}
    }

@manual{pmtTestStand,
    title = {Photosensor module H10721},
    author = {Hamamatsu},
    note = {\url{ https://www.hamamatsu.com/eu/en/product/type/H10721-110/index.html}},
    year = {accessed February 20th 2019}
    }

@manual{bung,
      title  = {Multi cable gland made of nickel plated brass},
      author = {HUMMEL},
      note = {\url{ https://www.hummel.com/en/electric-components/products/cable-glands/cable-gland-made-of-metal/hsk-m-multi/}},
      year   = {accessed February 20th, 2019}
    }

@manual{ice,
    author = {E. Hahn}, 
    title = {private communication},
    year = {2017}
    }

@article{lzSens,
    author = {{Akerib}, D.~S. and others},  
    collaboration = {LUX-ZEPLIN},
    title = {{Projected WIMP sensitivity of the LUX-ZEPLIN dark matter experiment}},
    eprint = {1802.06039},
    archivePrefix = {arXiv},
    primaryClass = {astro-ph.IM},
    reportNumber = {FERMILAB-PUB-18-054-AE-PPD},
    doi = {10.1103/PhysRevD.101.052002},
    journal = {Phys. Rev. D},
    volume = {101},
    number = {5},
    pages = {052002},
    year = {2020}
}

@article{AGOSTINELLI2003250,
title = {Geant4—a simulation toolkit},
journal = {Nucl. Instrum. Meth.},
volume = {A506},
number = {3},
pages = {250 - 303},
year = {2003},
issn = {0168-9002},
doi = {10.1016/S0168-9002(03)01368-8},
author = {S. Agostinelli and others},
keywords = {Simulation, Particle interactions, Geometrical modelling, Software engineering, Object-oriented technology, Distributed software development},
abstract = {Geant4 is a toolkit for simulating the passage of particles through matter. It includes a complete range of functionality including tracking, geometry, physics models and hits. The physics processes offered cover a comprehensive range, including electromagnetic, hadronic and optical processes, a large set of long-lived particles, materials and elements, over a wide energy range starting, in some cases, from 250eV and extending in others to the TeV energy range. It has been designed and constructed to expose the physics models utilised, to handle complex geometries, and to enable its easy adaptation for optimal use in different sets of applications. The toolkit is the result of a worldwide collaboration of physicists and software engineers. It has been created exploiting software engineering and object-oriented technology and implemented in the C++ programming language. It has been used in applications in particle physics, nuclear physics, accelerator design, space engineering and medical physics.}
}

@ARTICLE{assay,
    author = {{Akerib}, D.~S. and others},  
        title = {{The LUX-ZEPLIN (LZ) radioactivity and cleanliness control programs}},
      journal = {European Physical Journal C},
     keywords = {Physics - Instrumentation and Detectors, High Energy Physics - Experiment},
         year = 2020,
        month = nov,
       volume = {80},
       number = {11},
          eid = {1044},
        pages = {1044},
          doi = {10.1140/epjc/s10052-020-8420-x},
archivePrefix = {arXiv},
       eprint = {2006.02506},
 primaryClass = {physics.ins-det},
       adsurl = {https://ui.adsabs.harvard.edu/abs/2020EPJC...80.1044A},
      adsnote = {Provided by the SAO/NASA Astrophysics Data System}
}


@ARTICLE{YapCe,
       author = {{Kobayashi}, Masaaki and others},
        title = {{YAlO$_{3}$: Ce-Am light pulsers as a gain monitor for undoped CsI detectors in a magnetic field}},
      journal = {Nucl. Instrum. Meth.},
         year = 1994,
        month = jan,
       volume = {A337},
       number = {2-3},
        pages = {355-361},
          doi = {10.1016/0168-9002(94)91103-7},
       adsurl = {https://ui.adsabs.harvard.edu/abs/1994NIMPA.337..355K},
      adsnote = {Provided by the SAO/NASA Astrophysics Data System}
}


@article{LZNIMA,
title = {{The LUX-ZEPLIN (LZ) experiment}},
journal = {Nucl. Instrum. Meth.},
volume = {A953},
pages = {163047},
year = {2020},
issn = {0168-9002},
doi = {10.1016/j.nima.2019.163047},
eprint = {1910.09124},
archivePrefix = {arXiv},
author = {{Akerib}, D.~S. and others},
keywords = {Dark matter detector, Liquid xenon, Time projection chamber, Underground},
abstract = {We describe the design and assembly of the LUX-ZEPLIN experiment, a direct detection search for cosmic WIMP dark matter particles. The centerpiece of the experiment is a large liquid xenon time projection chamber sensitive to low energy nuclear recoils. Rejection of backgrounds is enhanced by a Xe skin veto detector and by a liquid scintillator Outer Detector loaded with gadolinium for efficient neutron capture and tagging. LZ is located in the Davis Cavern at the 4850’ level of the Sanford Underground Research Facility in Lead, South Dakota, USA. We describe the major subsystems of the experiment and its key design features and requirements.}
}

@article{music,
author = {Antonioli, P. and Ghetti, C. and Korolkova, E.~V. and Kudryavtsev, V.~A. and Sartorelli, G.}, 
title = {A three-dimensional code for muon propagation through the rock: MUSIC},
journal = {Astropart. Phys.}, 
volume = {7},
doi = {10.1016/s0927-6505(97)00035-2},
year = {1997},
pages = {357}
}

@article{musun, 
author = {Kudryavtsev, V.~A.}, 
title = {{Muon simulation codes MUSIC and MUSUN for underground physics}},
journal = {{Computer Physics Communications}},
volume = {180},
doi = {10.1016/j.cpc.2008.10.013},
year = {2009},
pages = {339}
}

@misc{heise,
author = {Heise, J.},
note = {Preprint: arXiv:1401.0861v1},
year = {2014}
}

@misc{zhang,
author = {Zhang, C.},
note = {Private communication},
year = 2014
}

@misc{richardson,
author = {Richardson, M.},
title = {},
note = {{PhD} thesis (University of Sheffield)},
year = {2015}
}

@article{mei,
author = {Mei, D.M. and others}, 
title = {Early results on radioactive background characterization for Sanford Laboratory and DUSEL experiments}, 
journal = {Astropart. Phys.},
volume = {34}, 
year = {2010}, 
pages = {33},
doi = {10.1016/j.astropartphys.2010.04.003}
}

@misc{MuonVetoCCLZDocs,
  author = {{LUX-ZEPLIN Collaboration}},
  title = {{SR1 Core Cuts in ALPACA}},
  howpublished = {\url{https://luxzeplin.gitlab.io/docs/softwaredocs/analysis/analysiswithrqs/alpaca/tools/SR1CoreCuts.html#muon-hold-off}},
  note = {Accessed: 2023-02-13}
}

@article{NEST1,
   title={A Review of Basic Energy Reconstruction Techniques in Liquid Xenon and Argon Detectors for Dark Matter and Neutrino Physics Using NEST},
   volume={5},
   ISSN={2410-390X},
   url={http://dx.doi.org/10.3390/instruments5010013},
   DOI={10.3390/instruments5010013},
   number={1},
   journal={Instruments},
   publisher={MDPI AG},
   author={Szydagis, Matthew and Block, Grant A. and Farquhar, Collin and Flesher, Alexander J. and Kozlova, Ekaterina S. and Levy, Cecilia and Mangus, Emily A. and Mooney, Michael and Mueller, Justin and Rischbieter, Gregory R. C. and Schwartz, Andrew K.},
   year={2021},
   pages={13} 
}

@misc{musun-lz,
author = {Kudryavtsev, V. A. and Korolkova, E. V. and Woodward, D.},
title = {Muon simulations for LZ using MUSIC and MUSUN},
note = {LZ note},
year = {2015}
}

@misc{MUE,
    author = {Particle data group},
    title = {Muons in xenon liquid (Xe)},
    note = {Data table}
}


@article{majorana,
author = {Abgrall, N. and others},
title = {Muon flux measurements at the Davis campus of the Sanford Underground Research Facility with the Majorana Demonstrator veto system},
collaboration ={Majorana},
journal = {Astropart. Phys.},
year = {2017},
doi = {10.1016/j.astropartphys.2017.01.013},
volume = {93},
pages = {70-75}
}

@article{Caddey,
author = {{S. W. Caddey et al.}},
title = {{The Homestake gold mine, an early proterozoic iron-formation-hosted gold deposit, Lawrence County, South Dakota}},
journal = {US Geological Survey Bulletin},
volume = {1857-J},
year = {1991},
pages = {J1-J67}
}

@article{LZ:2017iwn,
    author = "Akerib, D. S. and others",
    IDS={lztiSearch},
    IDS={lztiSearch},
    title = "{Identification of Radiopure Titanium for the LZ Dark Matter Experiment and Future Rare Event Searches}",
    eprint = "1702.02646",
    archivePrefix = "arXiv",
    primaryClass = "physics.ins-det",
    reportNumber = "FERMILAB-PUB-17-069-AE-PPD",
    doi = "10.1016/j.astropartphys.2017.09.002",
    journal = "Astropart. Phys.",
    volume = "96",
    pages = "1--10",
    year = "2017"
}

@book{Kelvin1904, 
	place={Cambridge}, 
	series={Cambridge Library Collection - Physical Sciences}, 
	title={Baltimore Lectures on Molecular Dynamics and the Wave Theory of Light}, 
	DOI={10.1017/CBO9780511694523}, 
	publisher={Cambridge University Press}, 
	author={Thomson, Baron Kelvin, William}, 
	year={1904}, 
	collection={Cambridge Library Collection - Physical Sciences}
}