@article{LZ:2017iwn,
    author = "Akerib, D. S. and others",
    IDS={lztiSearch},
    title = "{Identification of Radiopure Titanium for the LZ Dark Matter Experiment and Future Rare Event Searches}",
    eprint = "1702.02646",
    archivePrefix = "arXiv",
    primaryClass = "physics.ins-det",
    reportNumber = "FERMILAB-PUB-17-069-AE-PPD",
    doi = "10.1016/j.astropartphys.2017.09.002",
    journal = "Astropart. Phys.",
    volume = "96",
    pages = "1--10",
    year = "2017"
}